<?xml version="1.0" encoding="UTF-8"?><collection xmlns="http://www.loc.gov/MARC21/slim"><record><leader>00367nam--2200133-i-4500</leader><controlfield tag="001">000025061</controlfield><controlfield tag="002">20161230</controlfield><controlfield tag="005">20161230201035</controlfield><controlfield tag="008">060222s1000------------r-----000-0-eng-d</controlfield><datafield ind1=" " ind2=" " tag="080"><subfield code="a">577.112.4:547.96:577.322.23</subfield></datafield><datafield ind1=" " ind2=" " tag="245"><subfield code="a">Protein-protein interactions</subfield></datafield><datafield ind1=" " ind2=" " tag="260"><subfield code="a">New York, John Wiley And Sons, Inc. Xi + 403 P</subfield></datafield><datafield ind1=" " ind2=" " tag="700"><subfield code="a">Frieden, C. And Nichol, L.W</subfield></datafield><datafield ind1=" " ind2=" " tag="852"><subfield code="a">70101</subfield></datafield></record></collection>